<?xml version="1.0" encoding="UTF-8"?><collection xmlns="http://www.loc.gov/MARC21/slim"><record><leader>00597nam--2200205-i-4500</leader><controlfield tag="001">000044865</controlfield><controlfield tag="002">20161230</controlfield><controlfield tag="005">20161230201044</controlfield><controlfield tag="008">060222s1000------------r-----000-0-eng-d</controlfield><datafield ind1=" " ind2=" " tag="040"><subfield code="a">IFIN-HH</subfield></datafield><datafield ind1=" " ind2=" " tag="080"><subfield code="a">536.7</subfield></datafield><datafield ind1="1" ind2=" " tag="100"><subfield code="a">Van Wylen, Gordon J</subfield></datafield><datafield ind1="1" ind2="0" tag="245"><subfield code="a">Fundamentals of classical thermodynamics</subfield><subfield code="c">Gordon j. van wylen; richard e. sonntag</subfield></datafield><datafield ind1=" " ind2=" " tag="250"><subfield code="a">Third Printing</subfield></datafield><datafield ind1=" " ind2=" " tag="260"><subfield code="a">New Yoek</subfield><subfield code="b">John Wiley And Sons, Inc</subfield><subfield code="c">1967</subfield></datafield><datafield ind1=" " ind2=" " tag="300"><subfield code="a">634P</subfield></datafield><datafield ind1=" " ind2=" " tag="490"><subfield code="a">Series In Thermal And Transport Sciences</subfield></datafield><datafield ind1="1" ind2=" " tag="700"><subfield code="a">Sonntag, Richard E</subfield></datafield><datafield ind1=" " ind2=" " tag="852"><subfield code="a">35021</subfield><subfield code="c">536.7</subfield></datafield><datafield ind1=" " ind2=" " tag="CAT"><subfield code="a">Sys</subfield><subfield code="c">20110517</subfield><subfield code="h">144141</subfield></datafield></record></collection>